% BibTeX database for the paper asme2e.tex
%% bibtexfile{
%% author    = 
"Harry H. Cheng",
%% version   =  "2",
%% date      =  "January  01,
2003",
%% filename  =  "asme2e.bib",
%% address   =  "Integration
Engineering Laboratory
%%              Department of Mechanical and
Aeronautical Engineering
%%              University of California
%%        
     Davis, CA 95616",
%% telephone =  "(530) 752-5020 (office)
%%          
    (530) 752-1028 (lab)
%%               (530) 752-4158 (Fax:)",
%% email  
  =  "<hhcheng at ucdavis.edu>" }
@article{9306904,  author={K. {Wen} and T. S. {Nguyen} and D. {Harton} and T. {Laliberté} and C. {Gosselin}},  
  journal={IEEE Transactions on Robotics},   
  title={A Backdrivable Kinematically Redundant (6+3)-Degree-of-Freedom Hybrid Parallel Robot for Intuitive Sensorless Physical Human–Robot Interaction},   
  year={2020},  
  volume={},  
  number={},  
  pages={1-17},  
  doi={10.1109/TRO.2020.3043723}}
@article{roveda2018high,
  title={High-accuracy robotized industrial assembly task control schema with force overshoots avoidance},
  author={Roveda, Loris and Pedrocchi, Nicola and Beschi, Manuel and Tosatti, Lorenzo Molinati},
  journal={Control Engineering Practice},
  volume={71},
  pages={142--153},
  year={2018},
  publisher={Elsevier}
}
@inproceedings{wen2019kinematically,
  title={Kinematically redundant (6+ 3)-DOF hybrid parallel robot with large orientational workspace and remotely operated gripper},
  author={Wen, Kefei and Harton, David and Lalibert{\'e}, Thierry and Gosselin, Cl{\'e}ment},
  booktitle={2019 International Conference on Robotics and Automation (ICRA)},
  pages={1672--1678},
  year={2019},
  organization={IEEE}
}
@inproceedings{xiaoqing2011mechanical,
  title={Mechanical design and kinematic analysis of a new kind of palletizing robot},
  author={Xiaoqing, Guan and Jidong, Wang},
  booktitle={2011 Second International Conference on Mechanic Automation and Control Engineering},
  pages={404--408},
  year={2011},
  organization={IEEE}
}
@misc{phantom,
     author = "3d systems",
     title 
= "Phantom Premium",
     howpublished = "On the WWW",
     month =
"August",
     year = "2020",
     note = "URL
https://www.3dsystems.com/haptics-devices/3d-systems-phantom-premium"}
@article{meissner2018smart,
  title={Smart Human-Robot-Collaboration in Mechanical Joining Processes},
  author={Mei{\ss}ner, Dipl-Wirt Ing Jens and Schmatz, M Sc Frederik and Beu{\ss}, Dipl-Ing Florian and Sender, Dipl-Wirt Ing Jan and Fl{\"u}gge, Ing Wilko and Gorr, Dipl-Kfm FH Eugen},
  journal={Procedia Manufacturing},
  volume={24},
  pages={264--270},
  year={2018},
  publisher={Elsevier}
}
@article{raessa2019teaching,
  title={Teaching a robot to use electric tools with regrasp planning},
  author={Raessa, Mohamed and S{\'a}nchez, Daniel and Wan, Weiwei and Petit, Damien and Harada, Kensuke},
  journal={CAAI Transactions on Intelligence Technology},
  volume={4},
  number={1},
  pages={54--63},
  year={2019},
  publisher={IET}
}
@inproceedings{roberts1985effect,
  title={The effect of wrist force sensor stiffness on the control of robot manipulators},
  author={Roberts, R and Paul, R and Hillberry, B},
  booktitle={Proceedings. 1985 IEEE International Conference on Robotics and Automation},
  volume={2},
  pages={269--274},
  year={1985},
  organization={IEEE}
}
@article{yao2018sensorless,
  title={Sensorless and adaptive admittance control of industrial robot in physical human- robot interaction},
  author={Yao, Bitao and Zhou, Zude and Wang, Lihui and Xu, Wenjun and Liu, Quan and Liu, Aiming},
  journal={Robotics and Computer-Integrated Manufacturing},
  volume={51},
  pages={158--168},
  year={2018},
  publisher={Elsevier}
}
@article{loughlin2007dlr,
  title={The DLR lightweight robot: design and control concepts for robots in human environments},
  author={Loughlin, Clive and Albu-Sch{\"a}ffer, A and Haddadin, S and Ott, Ch and Stemmer, A and Wimb{\"o}ck, T and Hirzinger, G},
  journal={Industrial Robot: an international journal},
  year={2007},
  publisher={Emerald Group Publishing Limited}
}
@inproceedings{gosselin2011specification,
  title={Specification and design of a new haptic interface for maxillo facial surgery},
  author={Gosselin, Florian and Ferlay, Fabien and Bouchigny, Sylvain and M{\'e}gard, Christine and Taha, Farid},
  booktitle={2011 IEEE International Conference on Robotics and Automation},
  pages={737--744},
  year={2011},
  organization={IEEE}
}
@inproceedings{perret2014advantages,
  title={Advantages of mechanical backdrivability for medical applications of force control},
  author={Perret, J{\'e}r{\^o}me and Vercruysse, Pierre},
  booktitle={Workshop on Computer/Robot Assisted Surgery (CRAS)},
  year={2014}
}
@inproceedings{baumann1998haptic,
  title={Haptic interface for virtual reality based minimally invasive surgery simulation},
  author={Baumann, Roger and Clavel, Reymond},
  booktitle={Proceedings. 1998 IEEE International Conference on Robotics and Automation (Cat. No. 98CH36146)},
  volume={1},
  pages={381--386},
  year={1998},
  organization={IEEE}
}
@inproceedings{gealy2019quasi,
  title={Quasi-direct drive for low-cost compliant robotic manipulation},
  author={Gealy, David V and McKinley, Stephen and Yi, Brent and Wu, Philipp and Downey, Phillip R and Balke, Greg and Zhao, Allan and Guo, Menglong and Thomasson, Rachel and Sinclair, Anthony and others},
  booktitle={2019 International Conference on Robotics and Automation (ICRA)},
  pages={437--443},
  year={2019},
  organization={IEEE}
}
@inproceedings{brooks1990telerobotic,
  title={Telerobotic response requirements},
  author={Brooks, Thurston L},
  booktitle={1990 IEEE International Conference on Systems, Man, and Cybernetics Conference Proceedings},
  pages={113--120},
  year={1990},
  organization={IEEE}
}
@article{carignan2000closed,
  title={Closed-loop force control for haptic simulation of virtual environments},
  author={Carignan, Craig R and Cleary, Kevin R},
  year={2000},
  publisher={Haptics-e, The electronic journal of haptics research}
}
@article{lu2013transmission,
  title={Transmission backlash of precise cable drive system},
  author={Lu, Yafei and Fan, Dapeng},
  journal={Proceedings of the Institution of Mechanical Engineers, Part C: Journal of Mechanical Engineering Science},
  volume={227},
  number={10},
  pages={2256--2267},
  year={2013},
  publisher={SAGE Publications Sage UK: London, England}
}
@article{baser2010theoretical,
  title={Theoretical and experimental determination of capstan drive slip error},
  author={Baser, Ozgur and Konukseven, E Ilhan},
  journal={Mechanism and Machine Theory},
  volume={45},
  number={6},
  pages={815--827},
  year={2010},
  publisher={Elsevier}
}
@article{baser2013kinematic,
  title={Kinematic model calibration of a 7-DOF capstan-driven haptic device for pose and force control accuracy improvement},
  author={Baser, Ozgur and Konukseven, E Ilhan},
  journal={Proceedings of the Institution of Mechanical Engineers, Part C: Journal of Mechanical Engineering Science},
  volume={227},
  number={6},
  pages={1328--1340},
  year={2013},
  publisher={SAGE Publications Sage UK: London, England}
}
@phdthesis{townsend1988effect,
  title={The effect of transmission design on force-controlled manipulator performance},
  author={Townsend, William Thomas},
  year={1988}
}
@article{rooks2006harmonious,
  title={The harmonious robot},
  author={Rooks, Brian},
  journal={Industrial Robot: An International Journal},
  volume={33},
  number={2},
  pages={125--130},
  year={2006},
  publisher={Emerald Group Publishing Limited}
}
@inproceedings{phan2014guided,
  title={Guided physical therapy through the use of the barrett wam robotic arm},
  author={Phan, Scott and Lioulemes, Alexandros and Lutterodt, Cyril and Makedon, Fillia and Metsis, Vangelis},
  booktitle={2014 IEEE International Symposium on Haptic, Audio and Visual Environments and Games (HAVE) Proceedings},
  pages={24--28},
  year={2014},
  organization={IEEE}
  }
@article{lu2015development,
  title={Development of a differential cable drive mechanism for acquiring tracking and pointing application},
  author={Lu, Yafei and Liao, Hongbo and Hei, Mo and Liu, Hua and Fan, Dapeng},
  journal={Proceedings of the Institution of Mechanical Engineers, Part C: Journal of Mechanical Engineering Science},
  volume={229},
  number={17},
  pages={3191--3200},
  year={2015},
  publisher={SAGE Publications Sage UK: London, England}
}
@inproceedings{lu2012non,
  title={Non-intervene cable wrapping method for precise cable drive},
  author={Lu, Yafei and Fan, Dapeng},
  booktitle={2012 international conference on optoelectronics and microelectronics},
  pages={378--383},
  year={2012},
  organization={IEEE}
}
@article{xie2019analytical,
  title={Analytical and experimental research on transmission backlash in precise cable drive for an electro-optical targeting system},
  author={Xie, Xin and Qi, Chao and Zhang, Lianchao and Fan, Dapeng},
  journal={Advances in Mechanical Engineering},
  volume={11},
  number={7},
  pages={1687814019866059},
  year={2019},
  publisher={SAGE Publications Sage UK: London, England}
}
@article{werkmeister2007theoretical,
  title={Theoretical and experimental determination of capstan drive stiffness},
  author={Werkmeister, Jaime and Slocum, Alexander},
  journal={precision Engineering},
  volume={31},
  number={1},
  pages={55--67},
  year={2007},
  publisher={Elsevier}
}

}
@article{art,
	author	=	"A. Author and
B. Author and C. Author",
	title	=	"Article title",
	journal =   "Journal
{N}ame",
	volume  =	1,
	number	=	5,
	pages   =   "1--3",
	month   =  
"May",
	year	=	1994}

@book{latex,
	author	  =	"L. Lamport",
	title	 
=	"\LaTeX: a Document Preparation System",
	publisher =
"Addison-Wesley",
	year	  =	1986,
	address   =	"Reading,
MA"}

@book{goosens,
	author	  =	"M. Goosens and F. Mittelbach and A.
Samarin",
	title	  =	"The \LaTeX\ Companion",
	publisher
=	"Addison-Wesley",
	address	  =	"Reading, MA",
	year	 
=	1994}

@booklet{blt,
	author	=	"A. Booklet",
	title	=	"Booklet
title",
	howpublished =   "On the WWW",
	address =	"at
\verb+http://www.abc.edu+",
	note	=	"PDF file",
	month   =  
"May",
	year	=	1994}

@inbook{ibk,
	editor    =	"A. Inbook",
	title	 
=	"Book title",
	chapter   = 1,
	pages     = "1--3",
	volume 
=	2,
	series	=	"{Series Title}",
	edition = "$1^{st}$",
	type    =
"{Chap.}",
	publisher =	"Publisher {N}ame",
	address   =	"Publisher
address",
	note      = "See also URL \verb+http://www.abc.edu+",
	year	 
=	1991}

@incollection{icn,
	author    =	"A. Incollection",
	title	 
=	"Article title",
	editor    =	"A. Editor",
	booktitle =	"Collection
{T}itle",
	chapter   = 1,
	pages     = "1--3",
	volume 
=	2,
	series	=	"Series title",
	month   =   "May",
	edition =
"$3^{rd}$",
	type    = "{C}hapter",
	publisher =	"Publisher
{N}ame",
	address   =	"Publisher address",
	note      = "See also URL
\verb+http://www.abc.edu+",
	year	  =	1991}

@inproceedings{ips,
	author   
=	"A. Inproceedings",
	title	  =	"Article title",
	editor    =	"A. Editor
and B. Editor",
	booktitle =	"Proceedings {T}itle",
	volume  =	"{\bf
1}",
	series	=	"Series name",
	pages     = "1--3",
	address   =	"Publisher
address",
	month   =   "May",
	organization =	"Organization
{N}ame",
	publisher =	"Publisher {N}ame",
	note      = "Paper number
1234",
	year	  =	1991}

@manual{asmemanual,
	author    =	"{ASME}",
	title	 
=	"{ASME} Manual {MS-4}, An {ASME} Paper",
	organization =	"The American
Society of Mechanical Engineers",
	edition  = "latest",
	address   =	"New
York",
	note      = "See also URL
\verb+http://www.asme.org/pubs/MS4.html+",
	year	 
=	2003}

@mastersthesis{mts,
     author = "A. Mastersthesis",
     title =
"{Thesis Title}",
     school = "University of Higher Education",
     year
= 2003,
     type = "{MS Thesis}",
     address = "Cambridge, {MA}",
    
month = "May",
     note = "See also URL
\verb+http://www.abc.edu+"}

@misc{mis,
     author = "A. Misc",
     title 
= "Miscellaneous {T}itle",
     howpublished = "On the WWW",
     month =
"May",
     year = "2003",
     note = "URL
\verb+http://www.abc.edu+"}

@phdthesis{pts,
     author = "A. Phdthesis",
 
   title = "{Thesis Title}",
     school = "University of Higher
Education",
     year = 2003,
     type = "{PhD Thesis}",
     address =
"Cambridge, {MA}",
     month = "May",
     note = "See also URL
\verb+http://www.abc.edu+"}

@proceedings{pro,
	title	  =	"Volume
{T}itle",
	year	  =	1991,
	editor    =	"A. Proceedings",
	volume   
=	1,
	series	  =	"Proceedings {S}eries",
	address   =	"Publisher
address",
	month   =   "May",
	organization =	"Organization
{N}ame",
	publisher =	"Publisher {N}ame",
	note      = "See also URL
\verb+http://www.abc.edu+"}

@techreport{trt,
     author = "A.
Techreport",
     title = "{Techreport title}",
     institution =
"University of Higher Education",
     year = "2003",
     type = "Progress
report",
     number = "1",
     address = "Cambridge, {MA}",
     month =
"May",
     note = "See also URL
\verb+http://www.abc.edu+"}

@unpublished{upd,
     author = "A.
Unpublished",
     title = "{Unpublished document title}",
     note = "See
also URL \verb+http://www.abc.edu+",
     month = "May",
     year = 2003}